<record><leader>00000cas a2200000 a 4500</leader><controlfield tag="001">24436342</controlfield><controlfield tag="007">hd afu---bucu</controlfield><controlfield tag="008">910923d18171840maucr nea     0   a0eng c</controlfield><datafield ind1=" " ind2=" " tag="010"><subfield code="a">  2004252468</subfield></datafield><datafield ind1=" " ind2=" " tag="040"><subfield code="a">SUC</subfield><subfield code="b">eng</subfield><subfield code="c">SUC</subfield><subfield code="d">OCL</subfield><subfield code="d">WAU</subfield><subfield code="d">OCLCG</subfield><subfield code="d">INU</subfield><subfield code="d">OCLCQ</subfield><subfield code="d">OCLCF</subfield><subfield code="d">OCLCO</subfield><subfield code="d">OCLCQ</subfield></datafield><datafield ind1=" " ind2=" " tag="042"><subfield code="a">pcc</subfield></datafield><datafield ind1=" " ind2=" " tag="043"><subfield code="a">n-us-ma</subfield></datafield><datafield ind1=" " ind2="4" tag="050"><subfield code="a">AN27.B6</subfield><subfield code="b">B647</subfield></datafield><datafield ind1="0" ind2=" " tag="130"><subfield code="a">Independent chronicle &amp; Boston patriot (Boston, Mass. : Semiweekly)</subfield></datafield><datafield ind1="1" ind2="0" tag="245"><subfield code="a">Independent chronicle &amp; Boston patriot.</subfield></datafield><datafield ind1="3" ind2=" " tag="246"><subfield code="a">Independent chronicle and Boston patriot</subfield></datafield><datafield ind1=" " ind2=" " tag="260"><subfield code="a">Boston :</subfield><subfield code="b">Ballard &amp; Wright,</subfield><subfield code="c">1817-1840.</subfield></datafield><datafield ind1=" " ind2=" " tag="300"><subfield code="a">29 volumes ;</subfield><subfield code="c">52-61 cm</subfield></datafield><datafield ind1=" " ind2=" " tag="310"><subfield code="a">Semiweekly</subfield></datafield><datafield ind1=" " ind2=" " tag="336"><subfield code="a">text</subfield><subfield code="b">txt</subfield><subfield code="2">rdacontent</subfield></datafield><datafield ind1=" " ind2=" " tag="337"><subfield code="a">microform</subfield><subfield code="b">h</subfield><subfield code="2">rdamedia</subfield></datafield><datafield ind1=" " ind2=" " tag="338"><subfield code="a">microfilm reel</subfield><subfield code="b">hd</subfield><subfield code="2">rdacarrier</subfield></datafield><datafield ind1="0" ind2=" " tag="362"><subfield code="a">Vol. 49, no. 3769 (June 4, 1817)-v. 77, no. 6166 (May 23, 1840).</subfield></datafield><datafield ind1=" " ind2=" " tag="500"><subfield code="a">"For the Country" appears under the masthead until Sept. 27, 1817.</subfield></datafield><datafield ind1=" " ind2=" " tag="500"><subfield code="a">Published by Ballard &amp; Co., 1829-1831; Nathan Hale, 1832-1840.</subfield></datafield><datafield ind1=" " ind2=" " tag="525"><subfield code="a">Has supplements.</subfield></datafield><datafield ind1=" " ind2=" " tag="580"><subfield code="a">Daily eds.: Independent chronicle &amp; Boston patriot (Boston, Mass. : Daily), 1817, and: Boston patriot &amp; daily chronicle, 1817-1819, and: Boston patriot &amp; daily mercantile advertiser, 1819-1825, and: Boston patriot &amp; mercantile advertiser, 1825-1831, and: Boston daily advertiser &amp; patriot, 1832-1835, and: Boston daily advertiser (Boston, Mass. : 1836), 1836-1840.</subfield></datafield><datafield ind1=" " ind2=" " tag="580"><subfield code="a">Formed by the union of: Independent chronicle (Boston, Mass. : 1801), and: Boston patriot and morning advertiser.</subfield></datafield><datafield ind1=" " ind2=" " tag="580"><subfield code="a">Merged with: Boston commercial gazette (Boston, Mass. : Semiweekly), and: Columbian centinel (Boston Mass. : 1804), and: New-England palladium (Boston, Mass. : 1840), to form: Boston semi-weekly advertiser.</subfield></datafield><datafield ind1=" " ind2=" " tag="533"><subfield code="a">Microfilm.</subfield><subfield code="b">New Canaan, CT :</subfield><subfield code="c">Readex Film Products.</subfield><subfield code="e">1 microfilm reel ; 35 mm.</subfield><subfield code="f">(Early American newspapers).</subfield><subfield code="n">Filmed with:Independent chronicle (Boston, Mass. : 1801).</subfield><subfield code="n">Imprint varies: Naples, FL : NewsBank/Readex.</subfield></datafield><datafield ind1=" " ind2="0" tag="651"><subfield code="a">Boston (Mass.)</subfield><subfield code="v">Newspapers.</subfield></datafield><datafield ind1=" " ind2="0" tag="651"><subfield code="a">Suffolk County (Mass.)</subfield><subfield code="v">Newspapers.</subfield></datafield><datafield ind1=" " ind2="7" tag="651"><subfield code="a">Massachusetts</subfield><subfield code="z">Boston.</subfield><subfield code="2">fast</subfield><subfield code="0">(OCoLC)fst01205012</subfield></datafield><datafield ind1=" " ind2="7" tag="651"><subfield code="a">Massachusetts</subfield><subfield code="z">Suffolk County.</subfield><subfield code="2">fast</subfield><subfield code="0">(OCoLC)fst01206189</subfield></datafield><datafield ind1=" " ind2="7" tag="655"><subfield code="a">Newspapers.</subfield><subfield code="2">fast</subfield><subfield code="0">(OCoLC)fst01423814</subfield></datafield><datafield ind1="1" ind2=" " tag="700"><subfield code="a">Ballard, Davis C.,</subfield><subfield code="d">1786?-1820.</subfield></datafield><datafield ind1="1" ind2=" " tag="700"><subfield code="a">Wright, Edmund.</subfield></datafield><datafield ind1="1" ind2=" " tag="700"><subfield code="a">Hale, Nathan,</subfield><subfield code="d">1784-1863.</subfield></datafield><datafield ind1=" " ind2=" " tag="752"><subfield code="a">United States</subfield><subfield code="b">Massachusetts</subfield><subfield code="c">Suffolk</subfield><subfield code="d">Boston.</subfield></datafield><datafield ind1="1" ind2=" " tag="775"><subfield code="t">Independent chronicle &amp; Boston patriot (Boston, Mass. : Daily)</subfield><subfield code="g">1817</subfield><subfield code="w">(OCoLC)11735354</subfield></datafield><datafield ind1="1" ind2=" " tag="775"><subfield code="t">Boston patriot &amp; daily chronicle</subfield><subfield code="g">1817-1819</subfield><subfield code="w">(OCoLC)11735239</subfield></datafield><datafield ind1="1" ind2=" " tag="775"><subfield code="t">Boston patriot &amp; daily mercantile advertiser</subfield><subfield code="g">1819-1825</subfield><subfield code="w">(OCoLC)11735217</subfield></datafield><datafield ind1="1" ind2=" " tag="775"><subfield code="t">Boston patriot &amp; mercantile advertiser</subfield><subfield code="g">1825-1831</subfield></datafield><datafield ind1="1" ind2=" " tag="775"><subfield code="t">Boston daily advertiser &amp; patriot</subfield><subfield code="g">1832-1835</subfield></datafield><datafield ind1="1" ind2=" " tag="775"><subfield code="t">Boston daily advertiser (Boston, Mass. : 1836)</subfield><subfield code="g">1836-1840</subfield></datafield><datafield ind1="1" ind2=" " tag="776"><subfield code="c">Original</subfield><subfield code="w">(DLC)sn 83021192</subfield><subfield code="w">(OCoLC)9881700</subfield></datafield><datafield ind1="1" ind2="4" tag="780"><subfield code="t">Independent chronicle (Boston, Mass. : 1801)</subfield><subfield code="w">(DLC)  2004252467</subfield><subfield code="w">(OCoLC)24435970</subfield></datafield><datafield ind1="1" ind2="4" tag="780"><subfield code="t">Boston patriot and morning advertiser</subfield><subfield code="w">(OCoLC)11735382</subfield></datafield><datafield ind1="1" ind2="7" tag="785"><subfield code="t">Boston commercial gazette (Boston, Mass. : Semiweekly)</subfield><subfield code="w">(OCoLC)12646820</subfield></datafield><datafield ind1="1" ind2="7" tag="785"><subfield code="t">Columbian centinel (Boston, Mass. : 1804)</subfield><subfield code="w">(OCoLC)19113755</subfield></datafield><datafield ind1="1" ind2="7" tag="785"><subfield code="t">New-England palladium (Boston, Mass : 1840)</subfield></datafield><datafield ind1="1" ind2="7" tag="785"><subfield code="t">Boston semi-weekly advertiser</subfield></datafield><datafield ind1=" " ind2="0" tag="830"><subfield code="a">Early American newspapers.</subfield></datafield><datafield ind1="1" ind2=" " tag="029"><subfield code="a">AU@</subfield><subfield code="b">000025516129</subfield></datafield></record>